<record><leader>00000cas a22000007a 4500</leader><controlfield tag="001">10266537</controlfield><controlfield tag="008">840105d18711948njuwr ne      0    0eng d</controlfield><datafield ind1=" " ind2=" " tag="010"><subfield code="a">sn 84026058 </subfield></datafield><datafield ind1=" " ind2=" " tag="040"><subfield code="a">NPU</subfield><subfield code="b">eng</subfield><subfield code="c">NPU</subfield><subfield code="d">NPX</subfield><subfield code="d">NPA</subfield><subfield code="d">DLC</subfield><subfield code="d">NJW</subfield><subfield code="d">MGN</subfield><subfield code="d">OCLCQ</subfield></datafield><datafield ind1=" " ind2=" " tag="042"><subfield code="a">msc</subfield></datafield><datafield ind1="0" ind2=" " tag="130"><subfield code="a">Keyport weekly (Keyport, N.J. : 1871)</subfield></datafield><datafield ind1="1" ind2="0" tag="245"><subfield code="a">Keyport weekly.</subfield></datafield><datafield ind1=" " ind2=" " tag="260"><subfield code="a">Keyport, N.J. :</subfield><subfield code="b">E. McKinney &amp; H.P. McKinney,</subfield><subfield code="c">-1948.</subfield></datafield><datafield ind1=" " ind2=" " tag="300"><subfield code="a">v. :</subfield><subfield code="b">ill. ;</subfield><subfield code="c">67 cm.</subfield></datafield><datafield ind1=" " ind2=" " tag="310"><subfield code="a">Weekly</subfield></datafield><datafield ind1="1" ind2=" " tag="362"><subfield code="a">Began Jan. 17, 1871.</subfield></datafield><datafield ind1="0" ind2=" " tag="362"><subfield code="a">-79th yr., no. 45 (Nov. 4, 1948).</subfield></datafield><datafield ind1=" " ind2=" " tag="500"><subfield code="a">Publishers: Wilmer Hodgson, 1871; E. McKinney &amp; H.P. McKinney, 1871-&lt;1873&gt;; McKinney &amp; Son, &lt;1874&gt;; E. McKinney, &lt;1875&gt;; Page McKinney, &lt;1876&gt;; W.F. LeRoy, 1877-1881; E.D. Petteys, &lt;1900&gt;-1906; Keyport Weekly Co., 1906-1913; Benj. F.S. Brown, 1913-1920; Benj. F.S. Brown Estate, 1920-1922; Brown Publishing &amp; Printing Co., Inc., 1922-1948.</subfield></datafield><datafield ind1=" " ind2=" " tag="500"><subfield code="a">Editors: Page McKinney, &lt;1876&gt;; E.D. Petteys, &lt;1900-1906&gt;; Benj. F.S. Brown, &lt;1910-1920&gt;.</subfield></datafield><datafield ind1=" " ind2=" " tag="530"><subfield code="a">Also issued on microfilm by the Microfilming Corp. of America.</subfield></datafield><datafield ind1=" " ind2=" " tag="588"><subfield code="a">Description based on: Vol. 3, no. 38 (Feb. 5, 1873).</subfield></datafield><datafield ind1=" " ind2=" " tag="752"><subfield code="a">United States</subfield><subfield code="b">New Jersey</subfield><subfield code="c">Monmouth</subfield><subfield code="d">Keyport.</subfield></datafield><datafield ind1="0" ind2="7" tag="785"><subfield code="t">Keyport enterprise</subfield><subfield code="w">(DLC)sn 85035691</subfield><subfield code="w">(OCoLC)13039607</subfield></datafield><datafield ind1="0" ind2="7" tag="785"><subfield code="t">Keyport weekly and the Keyport enterprise</subfield><subfield code="w">(DLC)sn 85035689</subfield><subfield code="w">(OCoLC)12058089</subfield></datafield></record>